<?xml version="1.0" encoding="UTF-8"?><collection xmlns="http://www.loc.gov/MARC21/slim"><record><leader>00499nam--2200169-i-4500</leader><controlfield tag="001">000041424</controlfield><controlfield tag="002">20161230</controlfield><controlfield tag="005">20170222092625</controlfield><controlfield tag="008">060222s1000------------r-----000-0-eng-d</controlfield><datafield ind1=" " ind2=" " tag="040"><subfield code="a">IFIN-HH</subfield></datafield><datafield ind1="1" ind2=" " tag="100"><subfield code="a">Shaw, William L</subfield></datafield><datafield ind1="1" ind2="0" tag="245"><subfield code="a">Electronics mathematics. Vol. 1: Arithmetic and algebra. Vol. 2: Algebra, trigonometry and calculus</subfield></datafield><datafield ind1=" " ind2=" " tag="260"><subfield code="a">New York</subfield><subfield code="b">McGraw-Hill, Inc</subfield><subfield code="c">1967</subfield></datafield><datafield ind1=" " ind2=" " tag="300"><subfield code="a">418 p.(2)</subfield></datafield><datafield ind1=" " ind2=" " tag="700"><subfield code="a">Nunz, Gregory J</subfield></datafield><datafield ind1=" " ind2=" " tag="852"><subfield code="a">27709</subfield><subfield code="b">621.37254</subfield></datafield><datafield ind1=" " ind2=" " tag="CAT"><subfield code="a">SYS</subfield><subfield code="c">20170222</subfield><subfield code="h">092625</subfield></datafield></record></collection>